@article{weng2018flow,
  title   = "Flow-based Deep Generative Models",
  author  = "Weng, Lilian",
  journal = "lilianweng.github.io/lil-log",
  year    = "2018",
  url     = "http://lilianweng.github.io/lil-log/2018/10/13/flow-based-deep-generative-models.html"
}

@misc{GLOW,
    title={Glow: Generative Flow with Invertible 1x1 Convolutions},
    author={Diederik P. Kingma and Prafulla Dhariwal},
    year={2018},
    eprint={1807.03039},
    archivePrefix={arXiv},
    primaryClass={stat.ML}
}

@misc{RealNVP,
    title={Density estimation using Real NVP},
    author={Laurent Dinh and Jascha Sohl-Dickstein and Samy Bengio},
    year={2016},
    eprint={1605.08803},
    archivePrefix={arXiv},
    primaryClass={cs.LG}
}

@misc{NICE,
    title={NICE: Non-linear Independent Components Estimation},
    author={Laurent Dinh and David Krueger and Yoshua Bengio},
    year={2014},
    eprint={1410.8516},
    archivePrefix={arXiv},
    primaryClass={cs.LG}
}
