@article{real_nvp,
  author    = {Laurent Dinh and
               Jascha Sohl{-}Dickstein and
               Samy Bengio},
  title     = {Density estimation using Real {NVP}},
  journal   = {CoRR},
  volume    = {abs/1605.08803},
  year      = {2016},
  url       = {http://arxiv.org/abs/1605.08803},
  archivePrefix = {arXiv},
  eprint    = {1605.08803},
  timestamp = {Mon, 13 Aug 2018 16:47:21 +0200},
  biburl    = {https://dblp.org/rec/journals/corr/DinhSB16.bib},
  bibsource = {dblp computer science bibliography, https://dblp.org}
}

@article{nice,
    author = {Laurent Dinh and David Krueger and Yoshua Bengio},
    title = {NICE: Non-linear Independent Components Estimation},
    journal = {ICLR Workshop Track},
    year = {2015}
}

@article{ffjord,
  author    = {Will Grathwohl and
               Ricky T. Q. Chen and
               Jesse Bettencourt and
               Ilya Sutskever and
               David Duvenaud},
  title     = {{FFJORD:} Free-form Continuous Dynamics for Scalable Reversible Generative
               Models},
  journal   = {CoRR},
  volume    = {abs/1810.01367},
  year      = {2019},
  url       = {http://arxiv.org/abs/1810.01367},
  archivePrefix = {arXiv},
  eprint    = {1810.01367},
  timestamp = {Mon, 22 Jul 2019 14:09:24 +0200},
  biburl    = {https://dblp.org/rec/journals/corr/abs-1810-01367.bib},
  bibsource = {dblp computer science bibliography, https://dblp.org}
}

@inproceedings{glow,
  title={Glow: Generative Flow with Invertible 1x1 Convolutions},
  author={Diederik P. Kingma and Prafulla Dhariwal},
  booktitle={NeurIPS},
  year={2018}
}

@misc{tcdne,
  title = {{These Cats Do Not Exist}},
  howpublished = {https://thesecatsdonotexist.com/},
  note = {Accessed: 2020-04-18}
}
